<?xml version="1.0" encoding="UTF-8"?><collection xmlns="http://www.loc.gov/MARC21/slim"><record><leader>00416nam--2200157-i-4500</leader><controlfield tag="001">000047723</controlfield><controlfield tag="002">20161230</controlfield><controlfield tag="005">20170118192438</controlfield><controlfield tag="008">060222s1000------------r-----000-0-eng-d</controlfield><datafield ind1=" " ind2=" " tag="100"><subfield code="a">Wilson, J. G</subfield></datafield><datafield ind1=" " ind2=" " tag="245"><subfield code="a">Cloud chamber photographs of the cosmic radiation</subfield></datafield><datafield ind1=" " ind2=" " tag="260"><subfield code="a">London</subfield><subfield code="b">Pergamon Press Ltd</subfield><subfield code="c">1952</subfield></datafield><datafield ind1=" " ind2=" " tag="300"><subfield code="a">VIII+128 p.+pl</subfield></datafield><datafield ind1=" " ind2=" " tag="700"><subfield code="a">Rochester, G. D</subfield></datafield><datafield ind1=" " ind2=" " tag="852"><subfield code="a">10019</subfield></datafield><datafield ind1=" " ind2=" " tag="CAT"><subfield code="a">SYS</subfield><subfield code="c">20170118</subfield><subfield code="h">192438</subfield></datafield></record></collection>